@book{Fowler:DSL:2010,
  author =	 {Fowler, Martin},
  edition =	 {1st},
  howpublished = {Hardcover},
  isbn =	 {0321712943},
  keywords =	 {scch-tr-1046},
  month =	 {October},
  publisher =	 {Addison-Wesley Professional},
  title =	 {{Domain-Specific Languages (Addison-Wesley Signature
                  Series)}},
  year =	 {2010}
}


@inproceedings{DeVito:2011:LDS,
 author = {DeVito, Zachary and Joubert, Niels and Palacios, Francisco and Oakley, Stephen and Medina, Montserrat and Barrientos, Mike and Elsen, Erich and Ham, Frank and Aiken, Alex and Duraisamy, Karthik and Darve, Eric and Alonso, Juan and Hanrahan, Pat},
 title = {Liszt: a domain specific language for building portable mesh-based {PDE} solvers},
 booktitle = {Proceedings of the 2011 International Conference for High Performance Computing, Networking, Storage and Analysis},
 series = {SC '11},
 year = {2011},
 isbn = {978-1-4503-0771-0},
 location = {Seattle, Washington},
 pages = {9:1--9:12},
 articleno = {9},
 numpages = {12},
 doi = {10.1145/2063384.2063396},
 acmid = {2063396},
}

@inproceedings{Kulkarni:2007:OPR,
 author = {Kulkarni, Milind and Pingali, Keshav and Walter, Bruce and Ramanarayanan, Ganesh and Bala, Kavita and Chew, L. Paul},
 title = {Optimistic parallelism requires abstractions},
 booktitle = {Proceedings of the 2007 ACM SIGPLAN Conference on Programming Language Design and Implementation},
 series = {PLDI '07},
 year = {2007},
 isbn = {978-1-59593-633-2},
 location = {San Diego, California, USA},
 pages = {211--222},
 numpages = {12},
 doi = {10.1145/1250734.1250759},
 acmid = {1250759},
} 

@article{Pakin:2009:RMP,
 author = {Pakin, S. and Lang, M. and Kerbyson, D. J.},
 title = {The reverse-acceleration model for programming petascale hybrid systems},
 journal = {IBM J. Res. Dev.},
 volume = {53},
 issue = {5},
 month = sep,
 year = {2009},
 issn = {0018-8646},
 pages = {721--735},
 numpages = {15},
 url = {http://dl.acm.org/citation.cfm?id=1850670.1850678},
 acmid = {1850678},
 publisher = {IBM Corp.},
 address = {Riverton, NJ, USA},
} 


@inproceedings{McCormick:2004,
 author = {McCormick, Patrick and Inman, Jeff and Ahrens, James P. and Hansen, Charles and Roth, Greg},
 title = {Scout: A Hardware-Accelerated System for Quantitatively Driven Visualization and Analysis},
 booktitle = {Proceedings of the conference on Visualization '04},
 series = {VIS '04},
 year = {2004},
 isbn = {0-7803-8788-0},
 pages = {171--178},
 numpages = {8},
 url = {http://dx.doi.org/10.1109/VISUAL.2004.95},
 doi = {http://dx.doi.org/10.1109/VISUAL.2004.95},
 acmid = {1034445},
 publisher = {IEEE Computer Society},
 address = {Washington, DC, USA},
 keywords = {Visualization systems, hardware acceleration, multivariate visualization, volume rendering},
} 

@article{McCormick:2007,
 author = {McCormick, Patrick and Inman, Jeff and Ahrens, James and Mohd-Yusof, Jamaludin and Roth, Greg and Cummins, Sharen},
 title = {Scout: a data-parallel programming language for graphics processors},
 journal = {Parallel Comput.},
 volume = {33},
 issue = {10-11},
 month = {November},
 year = {2007},
 issn = {0167-8191},
 pages = {648--662},
 numpages = {15},
 url = {http://portal.acm.org/citation.cfm?id=1316088.1316316},
 doi = {10.1016/j.parco.2007.09.001},
 acmid = {1316316},
 publisher = {Elsevier Science Publishers B. V.},
 address = {Amsterdam, The Netherlands, The Netherlands},
 keywords = {Data-parallel programming, Graphics processors, Heterogeneous computing, Visualization},
} 


@INPROCEEDINGS{Brown:PACT:2012, 
author={Brown, K.J. and Sujeeth, A.K. and Hyouk Joong Lee and Rompf, T. and Chafi, H. and Odersky, M. and Olukotun, K.}, 
booktitle={Parallel Architectures and Compilation Techniques (PACT), 2011 International Conference on}, 
title={A Heterogeneous Parallel Framework for Domain-Specific Languages}, 
year={2011}, 
month={oct.}, 
volume={}, 
number={}, 
pages={89 -100}, 
keywords={C++ language;Delite compiler framework;Matlab;OptiML;domain-specific language;execution graph;heterogeneous parallel framework;high performance parallel code;high-level abstraction;machine learning application;parallelism;programmer productivity;runtime application;single-threaded performance;C++ language;learning (artificial intelligence);parallel processing;program compilers;}, 
doi={10.1109/PACT.2011.15}, 
ISSN={1089-795X},}

@misc{LLVM:2012,
  author = {},
  title = {{The LLVM Compiler Infrastructure Project}},
  month = jan,
  year = {2012},
  howpublished = "\url{http://www.llvm.org}",
}

@misc{Clang:2012,
  author = {},
  title = {{Clang: A C Language Family Frontend for LLVM}},
  month = jan,
  year = {2012},
  howpublished = "\url{http://clang.llvm.org}",
}



